@MISC{IntelIntegers,
    AUTHOR = "Intel",
    TITLE = "Developer Guide and Reference - Integer Data Types",
    HOWPUBLISHED =  "\url{https://software.intel.com/content/www/us/en/develop/documentation/fortran-compiler-oneapi-dev-guide-and-reference/top/language-reference/data-types-constants-and-variables/intrinsic-data-types/integer-data-types.html}",
    NOTE = "[Online; accessed 26-February-2021]"
}

@booklet{articleIEEE,
    author   = "Sun Microsystems, Inc.",
    title     = "What Every Computer Scientist Should Know About Floating-Point Arithmetic",
    ?_address  = "2550 Garcia Avenue, Mountain View, California 94043-1100, U.S.A.",
    year      = "1994",
    note     = "Part No: 800-7895-10",
}

@MISC{VisExpl,
    AUTHOR = "FABIEN SANGLARD",
    TITLE = "Floating Point Visually Explained",
    HOWPUBLISHED =  "\url{https://fabiensanglard.net/floating_point_visually_explained/}",
    NOTE = "[Online; accessed 20-March-2021]"
}







@MANUAL{manual,
        TITLE = "Intel® Fortran Compiler User and Reference Guides-Document Number: 304970-006US",
        ORGANIZATION="Intel",
        KEY="Intel Software Development Tools"
}

@MISC{mod2,
    AUTHOR = "Steve Lionel",
    TITLE = "Visual Fortran Newsletter Articles",
    HOWPUBLISHED =  "\url{https://software.intel.com/en-us/forums/intel-visual-fortran-compiler-for-windows/topic/275071#comment-1548440}",
    NOTE = "[Online; accessed 29-April-2018]"
}

@MISC{mod3,
    AUTHOR = "Oracle",
    TITLE = "Sun Studio 12: Fortran User's Guide-4.9 Module Files",
    HOWPUBLISHED =  "\url{https://docs.oracle.com/cd/E19205-01/819-5263/aevog/index.html}",
    NOTE = "[Online; accessed 28-April-2018]"
}
@MISC{f90,
    AUTHOR = "Degenerate Conic-Jacob",
    TITLE = "Fortran File Extensions",
    HOWPUBLISHED =  "\url{http://degenerateconic.com/fortran-file-extensions/}",
    NOTE = "[Online; accessed 27-April-2018]"
}

@MISC{f902,
    AUTHOR = "Steve Lionel",
    TITLE = "Source Form Just Wants to be Free",
    HOWPUBLISHED =  "\url{https://software.intel.com/en-us/blogs/2013/01/11/doctor-fortran-in-source-form-just-wants-to-be-free}",
    NOTE = "[Online; accessed 27-April-2018]"
}

@MISC{format,
    AUTHOR = "Intel Developer Zone",
    TITLE = "Understanding Files Associated with Intel® Fortran Applications (Windows*) ",
    HOWPUBLISHED =  "\url{https://software.intel.com/en-us/node/680056}",
    NOTE = "[Online; accessed 27-April-2018]"
}

@MISC{format2,
    AUTHOR = "BCS British Computer Society",
    TITLE = "What are the differences between .mod, .obj, .lib, .exp, .exe, .dll and .def?",
    HOWPUBLISHED =  "\url{http://www.fortran.bcs.org/2003/porting/part_3/slide_06.html}",
    NOTE = "[Online; accessed 27-April-2018]"
}

@MISC{stack,
    AUTHOR = "Wikipedia",
    TITLE = "Stack overflow",
    HOWPUBLISHED =  "\url{https://en.wikipedia.org/wiki/Stack_overflow}",
    NOTE = "[Online; accessed 01-May-2018]"
}

@MISC{stack2,
    AUTHOR = "Wikipedia",
    TITLE = "Call stack",
    HOWPUBLISHED =  "\url{https://en.wikipedia.org/wiki/Call_stack}",
    NOTE = "[Online; accessed 01-May-2018]"
}


